%YAML 1.1
%TAG !u! tag:unity3d.com,2011:
--- !u!65 &8099834383008267201
BoxCollider:
  m_ObjectHideFlags: 0
  m_CorrespondingSourceObject: {fileID: 0}
  m_PrefabInstance: {fileID: 0}
  m_PrefabAsset: {fileID: 0}
  m_GameObject: {fileID: 6616508750669527770}
  m_Material: {fileID: 0}
  m_IsTrigger: 1
  m_Enabled: 1
  serializedVersion: 2
  m_Size: {x: 0.2169703, y: 0.23844832, z: 0.2110831}
  m_Center: {x: -0.02877535, y: -0.027869076, z: -0.026992239}
--- !u!1 &6617073861437779517
GameObject:
  m_ObjectHideFlags: 0
  m_CorrespondingSourceObject: {fileID: 0}
  m_PrefabInstance: {fileID: 0}
  m_PrefabAsset: {fileID: 0}
  serializedVersion: 6
  m_Component:
  - component: {fileID: 6617073861437779512}
  - component: {fileID: 6617073861437779519}
  - component: {fileID: 6617073861437779518}
  - component: {fileID: 1336764763368926290}
  m_Layer: 0
  m_Name: FireballObject
  m_TagString: Untagged
  m_Icon: {fileID: 0}
  m_NavMeshLayer: 0
  m_StaticEditorFlags: 0
  m_IsActive: 1
--- !u!4 &6617073861437779512
Transform:
  m_ObjectHideFlags: 0
  m_CorrespondingSourceObject: {fileID: 0}
  m_PrefabInstance: {fileID: 0}
  m_PrefabAsset: {fileID: 0}
  m_GameObject: {fileID: 6617073861437779517}
  m_LocalRotation: {x: 0, y: 0, z: 0, w: 1}
  m_LocalPosition: {x: 0, y: 0, z: 0}
  m_LocalScale: {x: 1, y: 1, z: 1}
  m_Children:
  - {fileID: 6618959244360248412}
  - {fileID: 5173668887052559706}
  m_Father: {fileID: 0}
  m_RootOrder: 0
  m_LocalEulerAnglesHint: {x: 0, y: 0, z: 0}
--- !u!114 &6617073861437779519
MonoBehaviour:
  m_ObjectHideFlags: 0
  m_CorrespondingSourceObject: {fileID: 0}
  m_PrefabInstance: {fileID: 0}
  m_PrefabAsset: {fileID: 0}
  m_GameObject: {fileID: 6617073861437779517}
  m_Enabled: 1
  m_EditorHideFlags: 0
  m_Script: {fileID: -1465209106, guid: c8d0ad23af520fe46aabe2b1fecf6462, type: 3}
  m_Name: 
  m_EditorClassIdentifier: 
  _data:
    _json: '{"declarations":{"collection":{"$content":[{"name":"Enemy","value":null,"$version":"A"},{"name":"FireballFX","value":{"$content":0,"$type":"UnityEngine.Object"},"$version":"A"},{"name":"ExplosionFX","value":{"$content":1,"$type":"UnityEngine.Object"},"$version":"A"}],"$version":"A"},"$version":"A"}}'
    _objectReferences:
    - {fileID: 6616508750669527770}
    - {fileID: 5171333332447008458}
--- !u!114 &6617073861437779518
MonoBehaviour:
  m_ObjectHideFlags: 0
  m_CorrespondingSourceObject: {fileID: 0}
  m_PrefabInstance: {fileID: 0}
  m_PrefabAsset: {fileID: 0}
  m_GameObject: {fileID: 6617073861437779517}
  m_Enabled: 1
  m_EditorHideFlags: 0
  m_Script: {fileID: -57143145, guid: a040fb66244a7f54289914d98ea4ef7d, type: 3}
  m_Name: 
  m_EditorClassIdentifier: 
  _data:
    _json: '{"nest":{"source":"Macro","macro":0,"embed":null}}'
    _objectReferences:
    - {fileID: 11400000, guid: 512cfdcc3d9f94ee2a1757b6e6e0f005, type: 2}
--- !u!54 &1336764763368926290
Rigidbody:
  m_ObjectHideFlags: 0
  m_CorrespondingSourceObject: {fileID: 0}
  m_PrefabInstance: {fileID: 0}
  m_PrefabAsset: {fileID: 0}
  m_GameObject: {fileID: 6617073861437779517}
  serializedVersion: 2
  m_Mass: 1
  m_Drag: 0
  m_AngularDrag: 0.05
  m_UseGravity: 0
  m_IsKinematic: 1
  m_Interpolate: 0
  m_Constraints: 0
  m_CollisionDetection: 0
--- !u!1001 &5170711077152444810
PrefabInstance:
  m_ObjectHideFlags: 0
  serializedVersion: 2
  m_Modification:
    m_TransformParent: {fileID: 6617073861437779512}
    m_Modifications:
    - target: {fileID: 1770284226791232, guid: a0b3208bde22fa949897ba5f9a3d1ff1, type: 3}
      propertyPath: m_Name
      value: SniperExplosionGreen
      objectReference: {fileID: 0}
    - target: {fileID: 1770284226791232, guid: a0b3208bde22fa949897ba5f9a3d1ff1, type: 3}
      propertyPath: m_IsActive
      value: 0
      objectReference: {fileID: 0}
    - target: {fileID: 4114532424971472, guid: a0b3208bde22fa949897ba5f9a3d1ff1, type: 3}
      propertyPath: m_LocalPosition.x
      value: 0
      objectReference: {fileID: 0}
    - target: {fileID: 4114532424971472, guid: a0b3208bde22fa949897ba5f9a3d1ff1, type: 3}
      propertyPath: m_LocalPosition.y
      value: 0
      objectReference: {fileID: 0}
    - target: {fileID: 4114532424971472, guid: a0b3208bde22fa949897ba5f9a3d1ff1, type: 3}
      propertyPath: m_LocalPosition.z
      value: 0
      objectReference: {fileID: 0}
    - target: {fileID: 4114532424971472, guid: a0b3208bde22fa949897ba5f9a3d1ff1, type: 3}
      propertyPath: m_LocalRotation.x
      value: -0.7071068
      objectReference: {fileID: 0}
    - target: {fileID: 4114532424971472, guid: a0b3208bde22fa949897ba5f9a3d1ff1, type: 3}
      propertyPath: m_LocalRotation.y
      value: -0
      objectReference: {fileID: 0}
    - target: {fileID: 4114532424971472, guid: a0b3208bde22fa949897ba5f9a3d1ff1, type: 3}
      propertyPath: m_LocalRotation.z
      value: -0
      objectReference: {fileID: 0}
    - target: {fileID: 4114532424971472, guid: a0b3208bde22fa949897ba5f9a3d1ff1, type: 3}
      propertyPath: m_LocalRotation.w
      value: 0.7071068
      objectReference: {fileID: 0}
    - target: {fileID: 4114532424971472, guid: a0b3208bde22fa949897ba5f9a3d1ff1, type: 3}
      propertyPath: m_RootOrder
      value: 1
      objectReference: {fileID: 0}
    - target: {fileID: 4114532424971472, guid: a0b3208bde22fa949897ba5f9a3d1ff1, type: 3}
      propertyPath: m_LocalEulerAnglesHint.x
      value: 0
      objectReference: {fileID: 0}
    - target: {fileID: 4114532424971472, guid: a0b3208bde22fa949897ba5f9a3d1ff1, type: 3}
      propertyPath: m_LocalEulerAnglesHint.y
      value: 0
      objectReference: {fileID: 0}
    - target: {fileID: 4114532424971472, guid: a0b3208bde22fa949897ba5f9a3d1ff1, type: 3}
      propertyPath: m_LocalEulerAnglesHint.z
      value: 0
      objectReference: {fileID: 0}
    - target: {fileID: 199050038279699014, guid: a0b3208bde22fa949897ba5f9a3d1ff1, type: 3}
      propertyPath: m_Materials.Array.size
      value: 1
      objectReference: {fileID: 0}
    - target: {fileID: 199066550689611450, guid: a0b3208bde22fa949897ba5f9a3d1ff1, type: 3}
      propertyPath: m_Materials.Array.size
      value: 1
      objectReference: {fileID: 0}
    - target: {fileID: 199359097260303430, guid: a0b3208bde22fa949897ba5f9a3d1ff1, type: 3}
      propertyPath: m_Materials.Array.size
      value: 1
      objectReference: {fileID: 0}
    - target: {fileID: 199467658022657534, guid: a0b3208bde22fa949897ba5f9a3d1ff1, type: 3}
      propertyPath: m_Materials.Array.size
      value: 1
      objectReference: {fileID: 0}
    m_RemovedComponents:
    - {fileID: 114025565707786462, guid: a0b3208bde22fa949897ba5f9a3d1ff1, type: 3}
  m_SourcePrefab: {fileID: 100100000, guid: a0b3208bde22fa949897ba5f9a3d1ff1, type: 3}
--- !u!1 &5171333332447008458 stripped
GameObject:
  m_CorrespondingSourceObject: {fileID: 1770284226791232, guid: a0b3208bde22fa949897ba5f9a3d1ff1, type: 3}
  m_PrefabInstance: {fileID: 5170711077152444810}
  m_PrefabAsset: {fileID: 0}
--- !u!4 &5173668887052559706 stripped
Transform:
  m_CorrespondingSourceObject: {fileID: 4114532424971472, guid: a0b3208bde22fa949897ba5f9a3d1ff1, type: 3}
  m_PrefabInstance: {fileID: 5170711077152444810}
  m_PrefabAsset: {fileID: 0}
--- !u!1001 &6617073862065938840
PrefabInstance:
  m_ObjectHideFlags: 0
  serializedVersion: 2
  m_Modification:
    m_TransformParent: {fileID: 6617073861437779512}
    m_Modifications:
    - target: {fileID: 1722081097931586, guid: 4b21d5ab091be5a46ad6e87699fab62c, type: 3}
      propertyPath: m_Name
      value: FX_Fireball_01
      objectReference: {fileID: 0}
    - target: {fileID: 4457159321914820, guid: 4b21d5ab091be5a46ad6e87699fab62c, type: 3}
      propertyPath: m_LocalPosition.x
      value: 0
      objectReference: {fileID: 0}
    - target: {fileID: 4457159321914820, guid: 4b21d5ab091be5a46ad6e87699fab62c, type: 3}
      propertyPath: m_LocalPosition.y
      value: 0
      objectReference: {fileID: 0}
    - target: {fileID: 4457159321914820, guid: 4b21d5ab091be5a46ad6e87699fab62c, type: 3}
      propertyPath: m_LocalPosition.z
      value: 0
      objectReference: {fileID: 0}
    - target: {fileID: 4457159321914820, guid: 4b21d5ab091be5a46ad6e87699fab62c, type: 3}
      propertyPath: m_LocalRotation.x
      value: 0
      objectReference: {fileID: 0}
    - target: {fileID: 4457159321914820, guid: 4b21d5ab091be5a46ad6e87699fab62c, type: 3}
      propertyPath: m_LocalRotation.y
      value: 0
      objectReference: {fileID: 0}
    - target: {fileID: 4457159321914820, guid: 4b21d5ab091be5a46ad6e87699fab62c, type: 3}
      propertyPath: m_LocalRotation.z
      value: 0
      objectReference: {fileID: 0}
    - target: {fileID: 4457159321914820, guid: 4b21d5ab091be5a46ad6e87699fab62c, type: 3}
      propertyPath: m_LocalRotation.w
      value: 1
      objectReference: {fileID: 0}
    - target: {fileID: 4457159321914820, guid: 4b21d5ab091be5a46ad6e87699fab62c, type: 3}
      propertyPath: m_RootOrder
      value: 0
      objectReference: {fileID: 0}
    - target: {fileID: 4457159321914820, guid: 4b21d5ab091be5a46ad6e87699fab62c, type: 3}
      propertyPath: m_LocalEulerAnglesHint.x
      value: 0
      objectReference: {fileID: 0}
    - target: {fileID: 4457159321914820, guid: 4b21d5ab091be5a46ad6e87699fab62c, type: 3}
      propertyPath: m_LocalEulerAnglesHint.y
      value: 0
      objectReference: {fileID: 0}
    - target: {fileID: 4457159321914820, guid: 4b21d5ab091be5a46ad6e87699fab62c, type: 3}
      propertyPath: m_LocalEulerAnglesHint.z
      value: 0
      objectReference: {fileID: 0}
    - target: {fileID: 198238224484258984, guid: 4b21d5ab091be5a46ad6e87699fab62c, type: 3}
      propertyPath: prewarm
      value: 1
      objectReference: {fileID: 0}
    - target: {fileID: 199028559573871196, guid: 4b21d5ab091be5a46ad6e87699fab62c, type: 3}
      propertyPath: m_Materials.Array.size
      value: 1
      objectReference: {fileID: 0}
    - target: {fileID: 199455834240973142, guid: 4b21d5ab091be5a46ad6e87699fab62c, type: 3}
      propertyPath: m_Materials.Array.size
      value: 1
      objectReference: {fileID: 0}
    - target: {fileID: 199486417664069434, guid: 4b21d5ab091be5a46ad6e87699fab62c, type: 3}
      propertyPath: m_Materials.Array.size
      value: 1
      objectReference: {fileID: 0}
    - target: {fileID: 199837720287212598, guid: 4b21d5ab091be5a46ad6e87699fab62c, type: 3}
      propertyPath: m_Materials.Array.size
      value: 1
      objectReference: {fileID: 0}
    m_RemovedComponents: []
  m_SourcePrefab: {fileID: 100100000, guid: 4b21d5ab091be5a46ad6e87699fab62c, type: 3}
--- !u!1 &6616508750669527770 stripped
GameObject:
  m_CorrespondingSourceObject: {fileID: 1722081097931586, guid: 4b21d5ab091be5a46ad6e87699fab62c, type: 3}
  m_PrefabInstance: {fileID: 6617073862065938840}
  m_PrefabAsset: {fileID: 0}
--- !u!4 &6618959244360248412 stripped
Transform:
  m_CorrespondingSourceObject: {fileID: 4457159321914820, guid: 4b21d5ab091be5a46ad6e87699fab62c, type: 3}
  m_PrefabInstance: {fileID: 6617073862065938840}
  m_PrefabAsset: {fileID: 0}
